% Encoding: UTF-8

@Article{biro,
  author    = {Lochner, Michelle and Natarajan, Iniyan and Zwart, Jonathan TL and Smirnov, Oleg and Bassett, Bruce A and Oozeer, Nadeem and Kunz, Martin},
  title     = {Bayesian Inference for Radio Observations},
  journal   = {Monthly Notices of the Royal Astronomical Society},
  year      = {2015},
  volume    = {450},
  number    = {2},
  pages     = {1308--1319},
  publisher = {Oxford University Press},
}

@Article{smirnov2011,
  author    = {Smirnov, Oleg},
  title     = {Revisiting the Radio Interferometer Measurement Equation-I. A Full-Sky Jones Formalism},
  journal   = {Astronomy \& Astrophysics},
  year      = {2011},
  volume    = {527},
  pages     = {A106},
  publisher = {EDP Sciences},
}

@InProceedings{stefcal,
  author    = {S. Salvini and S. J. Wijnholds},
  title     = {StEFCal: An Alternating Direction Implicit method for fast full polarization array calibration},
  booktitle = {2014 XXXIth URSI General Assembly and Scientific Symposium (URSI GASS)},
  year      = {2014},
  pages     = {1-4},
  month     = {Aug},
  doi       = {10.1109/URSIGASS.2014.6930038},
  keywords  = {antenna arrays;calibration;directive antennas;electromagnetic wave polarisation;statistical analysis;ADI methods;LOFAR calibration pipeline;SKA;StEFCal;alternating direction implicit method;antenna based gains;low frequency array calibration pipeline;low-SNR scenarios;polarization array calibration;radio astronomical arrays;square kilometre array;statistically efficient and fast calibration;Algorithm design and analysis;Antennas;Arrays;Calibration;Computational efficiency;Convergence;Pipelines},
}

@Article{perkins,
  author    = {Perkins, SJ and Marais, PC and Zwart, JTL and Natarajan, Iniyan and Tasse, Cyril and Smirnov, Oleg},
  title     = {Montblanc: GPU accelerated radio interferometer measurement equations in support of bayesian inference for radio observations},
  journal   = {Astronomy and Computing},
  year      = {2015},
  volume    = {12},
  pages     = {73--85},
  publisher = {Elsevier},
}

@Article{tasse,
  author    = {Smirnov, OM and Tasse, Cyril},
  title     = {Radio interferometric gain calibration as a complex optimization problem},
  journal   = {Monthly Notices of the Royal Astronomical Society},
  year      = {2015},
  volume    = {449},
  number    = {3},
  pages     = {2668--2684},
  publisher = {Oxford University Press},
}

@Article{pickard1906xxxi,
  author    = {Pickard, Robert Howson and Kenyon, Joseph},
  title     = {XXXI.—Contributions to the chemistry of oxygen compounds. I. The compounds of tertiary phosphine oxides with acids and salts},
  journal   = {Journal of the Chemical Society, Transactions},
  year      = {1906},
  volume    = {89},
  pages     = {262--273},
  publisher = {Royal Society of Chemistry},
}

@Article{zernike1934,
  author  = {Zernike, Frits},
  title   = {Diffraction theory of the knife-edge test and its improved form, the phase-contrast method},
  journal = {Monthly Notices of the Royal Astronomical Society},
  year    = {1934},
  volume  = {94},
  pages   = {377--384},
}

@Article{hamaker1996,
  author    = {Hamaker, JP and Bregman, JD and Sault, RJ},
  title     = {Understanding radio polarimetry. I. Mathematical foundations},
  journal   = {Astronomy and Astrophysics Supplement Series},
  year      = {1996},
  volume    = {117},
  number    = {1},
  pages     = {137--147},
  publisher = {EDP Sciences},
}

@Misc{bornwolf1964,
  author    = {Born, M and Wolf, E},
  title     = {E. 1964, Principles of Optics},
  year      = {1964},
  publisher = {Pergamon Press},
}

@Book{thompson2008,
  title     = {Interferometry and synthesis in radio astronomy},
  publisher = {John Wiley \& Sons},
  year      = {2008},
  author    = {Thompson, A Richard and Moran, James M and Swenson Jr, George W},
}

@PhdThesis{cubical,
  author = {Kenyon, J. S. and Smirnov, O. M. and Grobler, T. L. and Tasse, C.},
  title  = {CubiCal},
  school = {Department of Physics and Electronics, Rhodes University},
  year   = {2017},
  type   = {phdthesis},
}

@article{zernikepoly2011,
  author    = {Lakshminarayanan, Vasudevan and Fleck, Andre},
  title     = {Zernike polynomials: A guide},
  month     = {04},
  year      = {2011},
  booktitle = {Journal of Modern Optics - J MOD OPTIC},
  pages     = {1678-1678},
  volume    = {58},
}

@Article{jag2017,
  author    = {Jagannathan, P and Bhatnagar, S and Rau, U and Taylor, AR},
  title     = {Direction-dependent Corrections in Polarimetric Radio Imaging. I. Characterizing the Effects of the Primary Beam on Full-Stokes Imaging},
  journal   = {The Astronomical Journal},
  year      = {2017},
  volume    = {154},
  number    = {2},
  pages     = {56},
  publisher = {IOP Publishing},
}

@book{skilling2006,
  title={Data analysis: a Bayesian tutorial},
  author={Sivia, Devinderjit and Skilling, John},
  year={2006},
  publisher={OUP Oxford}
}

@Electronic{khaneidosgithub,
  author       = {Asad, K.M.B},
  year         = {2018},
  title        = {Eidos},
  howpublished = {GitHub},
  organization = {SKA},
  url          = {https://github.com/ratt-ru/eidos},
}

@article{meqtrees,
  title={The MeqTrees software system and its use for third-generation calibration of radio interferometers},
  author={Noordam, Jan E and Smirnov, Oleg M},
  journal={Astronomy \& Astrophysics},
  volume={524},
  pages={A61},
  year={2010},
  publisher={EDP Sciences}
}

@article{refregier2003shapelets,
  title={Shapelets—I. A method for image analysis},
  author={Refregier, Alexandre},
  journal={Monthly Notices of the Royal Astronomical Society},
  volume={338},
  number={1},
  pages={35--47},
  year={2003},
  publisher={Blackwell Science Ltd Oxford, UK}
}

@article{bacon2001numerical,
  title={Numerical simulations of weak lensing measurements},
  author={Bacon, David J and Refregier, Alexandre and Clowe, Douglas and Ellis, Richard S},
  journal={Monthly Notices of the Royal Astronomical Society},
  volume={325},
  number={3},
  pages={1065--1074},
  year={2001},
  publisher={Blackwell Science Ltd Oxford, UK}
}

@article{chang2002shape,
  title={Shape reconstruction and weak lensing measurement with interferometers: A shapelet approach},
  author={Chang, Tzu-Ching and Refregier, Alexandre},
  journal={The Astrophysical Journal},
  volume={570},
  number={1},
  pages={447},
  year={2002},
  publisher={IOP Publishing}
}

@article{jansky1933electrical,
  title={Electrical disturbances apparently of extraterrestrial origin},
  author={Jansky, Karl G},
  journal={Proceedings of the Institute of Radio Engineers},
  volume={21},
  number={10},
  pages={1387--1398},
  year={1933},
  publisher={IEEE}
}

@article{hogbom1974aperture,
  title={Aperture synthesis with a non-regular distribution of interferometer baselines},
  author={H{\"o}gbom, JA},
  journal={Astronomy and Astrophysics Supplement Series},
  volume={15},
  pages={417},
  year={1974}
}

@article{khaneidos,
  title={Primary beam effects of radio astronomy antennas-II. Modelling the MeerKAT L-band beam},
  author={Asad, KMB and Girard, JN and de Villers, M and Lehmensiek, R and Ansah-Narh, T and Iheanetu, K and Smirnov, O and Santos, MG and Jonas, J and de Villiers, DIL and others},
  journal={arXiv preprint arXiv:1904.07155},
  year={2019}
}

@article{zernike1934diffraction,
  title={Diffraction theory of the knife-edge test and its improved form, the phase-contrast method},
  author={Zernike, Frits},
  journal={Monthly Notices of the Royal Astronomical Society},
  volume={94},
  pages={377--384},
  year={1934}
}

@PHDTHESIS{griffinfostershapelets,
   author = {Foster, Griffin},
    title = "{Large-N correlator systems for low frequency radio astronomy}",
   school = {University of Oxford (United Kingdom},
     year = 2013,
   adsurl = {https://ui.adsabs.harvard.edu/abs/2013PhDT.......167F},
  adsnote = {Provided by the SAO/NASA Astrophysics Data System}
}

@article{2gc,
  title={A new method for making maps with unstable radio interferometers},
  author={Cornwell, TJ and Wilkinson, PN},
  journal={Monthly Notices of the Royal Astronomical Society},
  volume={196},
  number={4},
  pages={1067--1086},
  year={1981},
  publisher={Oxford University Press Oxford, UK}
}

@article{mitchell2008stefcal,
  title={Real-time calibration of the Murchison Widefield Array},
  author={Mitchell, Daniel A and Greenhill, Lincoln J and Wayth, Randall B and Sault, Robert J and Lonsdale, Colin J and Cappallo, Roger J and Morales, Miguel F and Ord, Stephen M},
  journal={IEEE Journal of Selected Topics in Signal Processing},
  volume={2},
  number={5},
  pages={707--717},
  year={2008},
  publisher={IEEE}
}

@article{levenberg1944method,
  title={A method for the solution of certain nonlinear problems},
  author={Levenberg, K},
  journal={Quart. Appl. Math.},
  volume={2},
  pages={164--168},
  year={1944}
}

@article{marquardt1963algorithm,
  title={An algorithm for least-squares estimation of nonlinear parameters},
  author={Marquardt, Donald W},
  journal={Journal of the society for Industrial and Applied Mathematics},
  volume={11},
  number={2},
  pages={431--441},
  year={1963},
  publisher={SIAM}
}

@inproceedings{mitra2015,
  title={Incorporation of antenna primary beam patterns in radio-interferometric data reduction to produce wide-field, high-dynamic-range images},
  author={Mitra, Modhurita and Makhathini, Sphesihle and Foster, Griffin and Smirnov, Oleg and Perley, Richard},
  booktitle={2015 International Conference on Electromagnetics in Advanced Applications (ICEAA)},
  pages={494--497},
  year={2015},
  organization={IEEE}
}

@article{rau2011multi,
  title={A multi-scale multi-frequency deconvolution algorithm for synthesis imaging in radio interferometry},
  author={Rau, Urvashi and Cornwell, Tim J},
  journal={Astronomy \& Astrophysics},
  volume={532},
  pages={A71},
  year={2011},
  publisher={EDP Sciences}
}

@article{smirnov2011ddewsrt,
  title={Revisiting the radio interferometer measurement equation-III. Addressing direction-dependent effects in 21 cm WSRT observations of 3C 147},
  author={Smirnov, Oleg M},
  journal={Astronomy \& Astrophysics},
  volume={527},
  pages={A108},
  year={2011},
  publisher={EDP Sciences}
}

@inproceedings{noordam2004peeling,
  title={LOFAR calibration challenges},
  author={Noordam, Jan E},
  booktitle={Ground-Based Telescopes},
  volume={5489},
  pages={817--825},
  year={2004},
  organization={International Society for Optics and Photonics}
}
@Comment{jabref-meta: databaseType:bibtex;}